<?xml version="1.0" encoding="UTF-8"?><collection xmlns="http://www.loc.gov/MARC21/slim"><record><leader>00457nam--2200181-u-4500</leader><controlfield tag="001">000051327</controlfield><controlfield tag="002">20161230</controlfield><controlfield tag="005">20170305182926</controlfield><controlfield tag="008">080620s1000------------r-----000-0-eng-d</controlfield><datafield ind1=" " ind2=" " tag="040"><subfield code="a">IFIN-HH</subfield></datafield><datafield ind1=" " ind2=" " tag="080"><subfield code="a">517</subfield></datafield><datafield ind1="1" ind2=" " tag="100"><subfield code="a">Cristescu, Romulus</subfield></datafield><datafield ind1="1" ind2="0" tag="245"><subfield code="a">Applications of the Theory of Distributions</subfield></datafield><datafield ind1=" " ind2=" " tag="260"><subfield code="a">Bucuresti</subfield><subfield code="b">Ed.Academiei</subfield><subfield code="c">1973</subfield></datafield><datafield ind1=" " ind2=" " tag="300"><subfield code="a">227 p</subfield></datafield><datafield ind1=" " ind2=" " tag="700"><subfield code="a">Marinescu, Gheorghe</subfield></datafield><datafield ind1=" " ind2=" " tag="852"><subfield code="a">38938</subfield><subfield code="c">517</subfield></datafield><datafield ind1=" " ind2=" " tag="CAT"><subfield code="a">SYS</subfield><subfield code="c">20170305</subfield><subfield code="h">182926</subfield></datafield></record></collection>